@article{paper1,
    author =        "Paulo Augusto Sherring da Rocha Junior, Rogério Diogne de Silva e Souza, Maria Emília de Lima Tostes",
    title =         "Prototype CNC Machine Design",
    journal =       "CEAMAZON - Center of Excellence in Energy Efficiency in the Amazon - LaMotriz",
    year =           "2011"
}

@article{paper2,
    author =        "Kajal J.Madekar, Kranti R. Nanaware, Pooja R. Phadtare, Vikas S. Mane",
    title =          "Automatic mini CNC machine for PCB drawing and drilling",
    year =           "2016",
    journal =        "International Research Journal of Engineering and Technology (IRJET)",
    volume =          "03"
}

@manual{paper3,
    title =         "A Build-Your-Own Three Axis CNC PCB Milling Machine",
    year =           "2016",
    organization =   "Indian Institute of Information Technology, Design and Manufacturing-Kancheepuram"
}